%YAML 1.1
%TAG !u! tag:unity3d.com,2011:
--- !u!1 &5352527584652202577
GameObject:
  m_ObjectHideFlags: 0
  m_CorrespondingSourceObject: {fileID: 0}
  m_PrefabInstance: {fileID: 0}
  m_PrefabAsset: {fileID: 0}
  serializedVersion: 6
  m_Component:
  - component: {fileID: 5352527584652202576}
  - component: {fileID: 5352527584652202581}
  - component: {fileID: 5352527584652202578}
  - component: {fileID: 5352527584652202579}
  m_Layer: 0
  m_Name: Forest
  m_TagString: Untagged
  m_Icon: {fileID: 0}
  m_NavMeshLayer: 0
  m_StaticEditorFlags: 0
  m_IsActive: 1
--- !u!4 &5352527584652202576
Transform:
  m_ObjectHideFlags: 0
  m_CorrespondingSourceObject: {fileID: 0}
  m_PrefabInstance: {fileID: 0}
  m_PrefabAsset: {fileID: 0}
  m_GameObject: {fileID: 5352527584652202577}
  m_LocalRotation: {x: -0, y: -0, z: -0, w: 1}
  m_LocalPosition: {x: -0.035000026, y: 0, z: 0.08500004}
  m_LocalScale: {x: 1.6013671, y: 0.01566625, z: 1.6116849}
  m_Children:
  - {fileID: 5352738785254185328}
  - {fileID: 5352543764428156628}
  - {fileID: 5352543763646351184}
  - {fileID: 5356621743636372596}
  - {fileID: 5356558562714615390}
  - {fileID: 5356792431358957447}
  - {fileID: 5356794974527808709}
  - {fileID: 5356558562525500494}
  - {fileID: 5352650327994596886}
  - {fileID: 5352543765019766041}
  - {fileID: 5352543764681633568}
  - {fileID: 5356792432194469263}
  m_Father: {fileID: 0}
  m_RootOrder: 0
  m_LocalEulerAnglesHint: {x: 0, y: 0, z: 0}
--- !u!33 &5352527584652202581
MeshFilter:
  m_ObjectHideFlags: 0
  m_CorrespondingSourceObject: {fileID: 0}
  m_PrefabInstance: {fileID: 0}
  m_PrefabAsset: {fileID: 0}
  m_GameObject: {fileID: 5352527584652202577}
  m_Mesh: {fileID: 10202, guid: 0000000000000000e000000000000000, type: 0}
--- !u!23 &5352527584652202578
MeshRenderer:
  m_ObjectHideFlags: 0
  m_CorrespondingSourceObject: {fileID: 0}
  m_PrefabInstance: {fileID: 0}
  m_PrefabAsset: {fileID: 0}
  m_GameObject: {fileID: 5352527584652202577}
  m_Enabled: 1
  m_CastShadows: 1
  m_ReceiveShadows: 1
  m_DynamicOccludee: 1
  m_MotionVectors: 1
  m_LightProbeUsage: 1
  m_ReflectionProbeUsage: 1
  m_RenderingLayerMask: 1
  m_RendererPriority: 0
  m_Materials:
  - {fileID: 2100000, guid: bcd40318c3f951a46a61550e3cbe6688, type: 2}
  m_StaticBatchInfo:
    firstSubMesh: 0
    subMeshCount: 0
  m_StaticBatchRoot: {fileID: 0}
  m_ProbeAnchor: {fileID: 0}
  m_LightProbeVolumeOverride: {fileID: 0}
  m_ScaleInLightmap: 1
  m_PreserveUVs: 0
  m_IgnoreNormalsForChartDetection: 0
  m_ImportantGI: 0
  m_StitchLightmapSeams: 0
  m_SelectedEditorRenderState: 3
  m_MinimumChartSize: 4
  m_AutoUVMaxDistance: 0.5
  m_AutoUVMaxAngle: 89
  m_LightmapParameters: {fileID: 0}
  m_SortingLayerID: 0
  m_SortingLayer: 0
  m_SortingOrder: 0
--- !u!65 &5352527584652202579
BoxCollider:
  m_ObjectHideFlags: 0
  m_CorrespondingSourceObject: {fileID: 0}
  m_PrefabInstance: {fileID: 0}
  m_PrefabAsset: {fileID: 0}
  m_GameObject: {fileID: 5352527584652202577}
  m_Material: {fileID: 0}
  m_IsTrigger: 0
  m_Enabled: 1
  serializedVersion: 2
  m_Size: {x: 1, y: 1, z: 1}
  m_Center: {x: 0, y: 0, z: 0}
--- !u!1001 &5352527583841667593
PrefabInstance:
  m_ObjectHideFlags: 0
  serializedVersion: 2
  m_Modification:
    m_TransformParent: {fileID: 5352527584652202576}
    m_Modifications:
    - target: {fileID: 1644410597926446, guid: 9ba64372b9e08374193a9865323748cd, type: 3}
      propertyPath: m_Name
      value: Pine (1)
      objectReference: {fileID: 0}
    - target: {fileID: 4742397345888134, guid: 9ba64372b9e08374193a9865323748cd, type: 3}
      propertyPath: m_LocalPosition.x
      value: -0.04839614
      objectReference: {fileID: 0}
    - target: {fileID: 4742397345888134, guid: 9ba64372b9e08374193a9865323748cd, type: 3}
      propertyPath: m_LocalPosition.y
      value: 0
      objectReference: {fileID: 0}
    - target: {fileID: 4742397345888134, guid: 9ba64372b9e08374193a9865323748cd, type: 3}
      propertyPath: m_LocalPosition.z
      value: -0.27921093
      objectReference: {fileID: 0}
    - target: {fileID: 4742397345888134, guid: 9ba64372b9e08374193a9865323748cd, type: 3}
      propertyPath: m_LocalRotation.x
      value: -0
      objectReference: {fileID: 0}
    - target: {fileID: 4742397345888134, guid: 9ba64372b9e08374193a9865323748cd, type: 3}
      propertyPath: m_LocalRotation.y
      value: -0
      objectReference: {fileID: 0}
    - target: {fileID: 4742397345888134, guid: 9ba64372b9e08374193a9865323748cd, type: 3}
      propertyPath: m_LocalRotation.z
      value: -0
      objectReference: {fileID: 0}
    - target: {fileID: 4742397345888134, guid: 9ba64372b9e08374193a9865323748cd, type: 3}
      propertyPath: m_LocalRotation.w
      value: 1
      objectReference: {fileID: 0}
    - target: {fileID: 4742397345888134, guid: 9ba64372b9e08374193a9865323748cd, type: 3}
      propertyPath: m_RootOrder
      value: 11
      objectReference: {fileID: 0}
    - target: {fileID: 4742397345888134, guid: 9ba64372b9e08374193a9865323748cd, type: 3}
      propertyPath: m_LocalEulerAnglesHint.x
      value: 0
      objectReference: {fileID: 0}
    - target: {fileID: 4742397345888134, guid: 9ba64372b9e08374193a9865323748cd, type: 3}
      propertyPath: m_LocalEulerAnglesHint.y
      value: 0
      objectReference: {fileID: 0}
    - target: {fileID: 4742397345888134, guid: 9ba64372b9e08374193a9865323748cd, type: 3}
      propertyPath: m_LocalEulerAnglesHint.z
      value: 0
      objectReference: {fileID: 0}
    - target: {fileID: 4742397345888134, guid: 9ba64372b9e08374193a9865323748cd, type: 3}
      propertyPath: m_LocalScale.z
      value: 0.028375583
      objectReference: {fileID: 0}
    - target: {fileID: 4742397345888134, guid: 9ba64372b9e08374193a9865323748cd, type: 3}
      propertyPath: m_LocalScale.x
      value: 0.028558409
      objectReference: {fileID: 0}
    - target: {fileID: 4742397345888134, guid: 9ba64372b9e08374193a9865323748cd, type: 3}
      propertyPath: m_LocalScale.y
      value: 2.9191732
      objectReference: {fileID: 0}
    - target: {fileID: 4940006704183068, guid: 9ba64372b9e08374193a9865323748cd, type: 3}
      propertyPath: m_LocalPosition.z
      value: 1.83
      objectReference: {fileID: 0}
    m_RemovedComponents: []
  m_SourcePrefab: {fileID: 100100000, guid: 9ba64372b9e08374193a9865323748cd, type: 3}
--- !u!4 &5356792432194469263 stripped
Transform:
  m_CorrespondingSourceObject: {fileID: 4742397345888134, guid: 9ba64372b9e08374193a9865323748cd,
    type: 3}
  m_PrefabInstance: {fileID: 5352527583841667593}
  m_PrefabAsset: {fileID: 0}
--- !u!1001 &5352527583978129138
PrefabInstance:
  m_ObjectHideFlags: 0
  serializedVersion: 2
  m_Modification:
    m_TransformParent: {fileID: 5352527584652202576}
    m_Modifications:
    - target: {fileID: 1056816346895226, guid: fce1307539b865c4d942dfa642eab7ec, type: 3}
      propertyPath: m_Name
      value: Birch small (1)
      objectReference: {fileID: 0}
    - target: {fileID: 4207401247082738, guid: fce1307539b865c4d942dfa642eab7ec, type: 3}
      propertyPath: m_LocalPosition.z
      value: -3.48
      objectReference: {fileID: 0}
    - target: {fileID: 4207401247082738, guid: fce1307539b865c4d942dfa642eab7ec, type: 3}
      propertyPath: m_LocalPosition.x
      value: 3.88
      objectReference: {fileID: 0}
    - target: {fileID: 4487429639668130, guid: fce1307539b865c4d942dfa642eab7ec, type: 3}
      propertyPath: m_LocalPosition.x
      value: 0.047818504
      objectReference: {fileID: 0}
    - target: {fileID: 4487429639668130, guid: fce1307539b865c4d942dfa642eab7ec, type: 3}
      propertyPath: m_LocalPosition.y
      value: 0
      objectReference: {fileID: 0}
    - target: {fileID: 4487429639668130, guid: fce1307539b865c4d942dfa642eab7ec, type: 3}
      propertyPath: m_LocalPosition.z
      value: 0.33737987
      objectReference: {fileID: 0}
    - target: {fileID: 4487429639668130, guid: fce1307539b865c4d942dfa642eab7ec, type: 3}
      propertyPath: m_LocalRotation.x
      value: -0
      objectReference: {fileID: 0}
    - target: {fileID: 4487429639668130, guid: fce1307539b865c4d942dfa642eab7ec, type: 3}
      propertyPath: m_LocalRotation.y
      value: -0
      objectReference: {fileID: 0}
    - target: {fileID: 4487429639668130, guid: fce1307539b865c4d942dfa642eab7ec, type: 3}
      propertyPath: m_LocalRotation.z
      value: -0
      objectReference: {fileID: 0}
    - target: {fileID: 4487429639668130, guid: fce1307539b865c4d942dfa642eab7ec, type: 3}
      propertyPath: m_LocalRotation.w
      value: 1
      objectReference: {fileID: 0}
    - target: {fileID: 4487429639668130, guid: fce1307539b865c4d942dfa642eab7ec, type: 3}
      propertyPath: m_RootOrder
      value: 2
      objectReference: {fileID: 0}
    - target: {fileID: 4487429639668130, guid: fce1307539b865c4d942dfa642eab7ec, type: 3}
      propertyPath: m_LocalEulerAnglesHint.x
      value: 0
      objectReference: {fileID: 0}
    - target: {fileID: 4487429639668130, guid: fce1307539b865c4d942dfa642eab7ec, type: 3}
      propertyPath: m_LocalEulerAnglesHint.y
      value: 0
      objectReference: {fileID: 0}
    - target: {fileID: 4487429639668130, guid: fce1307539b865c4d942dfa642eab7ec, type: 3}
      propertyPath: m_LocalEulerAnglesHint.z
      value: 0
      objectReference: {fileID: 0}
    - target: {fileID: 4487429639668130, guid: fce1307539b865c4d942dfa642eab7ec, type: 3}
      propertyPath: m_LocalScale.x
      value: 0.034251984
      objectReference: {fileID: 0}
    - target: {fileID: 4487429639668130, guid: fce1307539b865c4d942dfa642eab7ec, type: 3}
      propertyPath: m_LocalScale.y
      value: 3.5011568
      objectReference: {fileID: 0}
    - target: {fileID: 4487429639668130, guid: fce1307539b865c4d942dfa642eab7ec, type: 3}
      propertyPath: m_LocalScale.z
      value: 0.034032706
      objectReference: {fileID: 0}
    m_RemovedComponents: []
  m_SourcePrefab: {fileID: 100100000, guid: fce1307539b865c4d942dfa642eab7ec, type: 3}
--- !u!4 &5352543763646351184 stripped
Transform:
  m_CorrespondingSourceObject: {fileID: 4487429639668130, guid: fce1307539b865c4d942dfa642eab7ec,
    type: 3}
  m_PrefabInstance: {fileID: 5352527583978129138}
  m_PrefabAsset: {fileID: 0}
--- !u!1001 &5352527584338529646
PrefabInstance:
  m_ObjectHideFlags: 0
  serializedVersion: 2
  m_Modification:
    m_TransformParent: {fileID: 5352527584652202576}
    m_Modifications:
    - target: {fileID: 1245435128993158, guid: c0398b97943a5fd4f8bc102a121965b5, type: 3}
      propertyPath: m_Name
      value: Spruce
      objectReference: {fileID: 0}
    - target: {fileID: 4913042138468634, guid: c0398b97943a5fd4f8bc102a121965b5, type: 3}
      propertyPath: m_LocalPosition.x
      value: 0.026820853
      objectReference: {fileID: 0}
    - target: {fileID: 4913042138468634, guid: c0398b97943a5fd4f8bc102a121965b5, type: 3}
      propertyPath: m_LocalPosition.y
      value: 0
      objectReference: {fileID: 0}
    - target: {fileID: 4913042138468634, guid: c0398b97943a5fd4f8bc102a121965b5, type: 3}
      propertyPath: m_LocalPosition.z
      value: 0.2756433
      objectReference: {fileID: 0}
    - target: {fileID: 4913042138468634, guid: c0398b97943a5fd4f8bc102a121965b5, type: 3}
      propertyPath: m_LocalRotation.x
      value: -0
      objectReference: {fileID: 0}
    - target: {fileID: 4913042138468634, guid: c0398b97943a5fd4f8bc102a121965b5, type: 3}
      propertyPath: m_LocalRotation.y
      value: -0
      objectReference: {fileID: 0}
    - target: {fileID: 4913042138468634, guid: c0398b97943a5fd4f8bc102a121965b5, type: 3}
      propertyPath: m_LocalRotation.z
      value: -0
      objectReference: {fileID: 0}
    - target: {fileID: 4913042138468634, guid: c0398b97943a5fd4f8bc102a121965b5, type: 3}
      propertyPath: m_LocalRotation.w
      value: 1
      objectReference: {fileID: 0}
    - target: {fileID: 4913042138468634, guid: c0398b97943a5fd4f8bc102a121965b5, type: 3}
      propertyPath: m_RootOrder
      value: 3
      objectReference: {fileID: 0}
    - target: {fileID: 4913042138468634, guid: c0398b97943a5fd4f8bc102a121965b5, type: 3}
      propertyPath: m_LocalEulerAnglesHint.x
      value: 0
      objectReference: {fileID: 0}
    - target: {fileID: 4913042138468634, guid: c0398b97943a5fd4f8bc102a121965b5, type: 3}
      propertyPath: m_LocalEulerAnglesHint.y
      value: 0
      objectReference: {fileID: 0}
    - target: {fileID: 4913042138468634, guid: c0398b97943a5fd4f8bc102a121965b5, type: 3}
      propertyPath: m_LocalEulerAnglesHint.z
      value: 0
      objectReference: {fileID: 0}
    - target: {fileID: 4913042138468634, guid: c0398b97943a5fd4f8bc102a121965b5, type: 3}
      propertyPath: m_LocalScale.x
      value: 0.0636088
      objectReference: {fileID: 0}
    - target: {fileID: 4913042138468634, guid: c0398b97943a5fd4f8bc102a121965b5, type: 3}
      propertyPath: m_LocalScale.y
      value: 6.501941
      objectReference: {fileID: 0}
    - target: {fileID: 4913042138468634, guid: c0398b97943a5fd4f8bc102a121965b5, type: 3}
      propertyPath: m_LocalScale.z
      value: 0.063201584
      objectReference: {fileID: 0}
    - target: {fileID: 4967904931750688, guid: c0398b97943a5fd4f8bc102a121965b5, type: 3}
      propertyPath: m_LocalPosition.x
      value: 4.25
      objectReference: {fileID: 0}
    - target: {fileID: 4967904931750688, guid: c0398b97943a5fd4f8bc102a121965b5, type: 3}
      propertyPath: m_LocalPosition.z
      value: -9.9
      objectReference: {fileID: 0}
    m_RemovedComponents: []
  m_SourcePrefab: {fileID: 100100000, guid: c0398b97943a5fd4f8bc102a121965b5, type: 3}
--- !u!4 &5356621743636372596 stripped
Transform:
  m_CorrespondingSourceObject: {fileID: 4913042138468634, guid: c0398b97943a5fd4f8bc102a121965b5,
    type: 3}
  m_PrefabInstance: {fileID: 5352527584338529646}
  m_PrefabAsset: {fileID: 0}
--- !u!1001 &5352527584837486854
PrefabInstance:
  m_ObjectHideFlags: 0
  serializedVersion: 2
  m_Modification:
    m_TransformParent: {fileID: 5352527584652202576}
    m_Modifications:
    - target: {fileID: 1153027382682948, guid: 7d227c3a7fa9cf54a8d07c8a5e34b64a, type: 3}
      propertyPath: m_Name
      value: Oak
      objectReference: {fileID: 0}
    - target: {fileID: 4649284415632754, guid: 7d227c3a7fa9cf54a8d07c8a5e34b64a, type: 3}
      propertyPath: m_LocalPosition.x
      value: 3.21
      objectReference: {fileID: 0}
    - target: {fileID: 4649284415632754, guid: 7d227c3a7fa9cf54a8d07c8a5e34b64a, type: 3}
      propertyPath: m_LocalPosition.z
      value: -3.07
      objectReference: {fileID: 0}
    - target: {fileID: 4977330785033544, guid: 7d227c3a7fa9cf54a8d07c8a5e34b64a, type: 3}
      propertyPath: m_LocalPosition.x
      value: -0.2240429
      objectReference: {fileID: 0}
    - target: {fileID: 4977330785033544, guid: 7d227c3a7fa9cf54a8d07c8a5e34b64a, type: 3}
      propertyPath: m_LocalPosition.y
      value: 0
      objectReference: {fileID: 0}
    - target: {fileID: 4977330785033544, guid: 7d227c3a7fa9cf54a8d07c8a5e34b64a, type: 3}
      propertyPath: m_LocalPosition.z
      value: 0.27254087
      objectReference: {fileID: 0}
    - target: {fileID: 4977330785033544, guid: 7d227c3a7fa9cf54a8d07c8a5e34b64a, type: 3}
      propertyPath: m_LocalRotation.x
      value: -0
      objectReference: {fileID: 0}
    - target: {fileID: 4977330785033544, guid: 7d227c3a7fa9cf54a8d07c8a5e34b64a, type: 3}
      propertyPath: m_LocalRotation.y
      value: -0
      objectReference: {fileID: 0}
    - target: {fileID: 4977330785033544, guid: 7d227c3a7fa9cf54a8d07c8a5e34b64a, type: 3}
      propertyPath: m_LocalRotation.z
      value: -0
      objectReference: {fileID: 0}
    - target: {fileID: 4977330785033544, guid: 7d227c3a7fa9cf54a8d07c8a5e34b64a, type: 3}
      propertyPath: m_LocalRotation.w
      value: 1
      objectReference: {fileID: 0}
    - target: {fileID: 4977330785033544, guid: 7d227c3a7fa9cf54a8d07c8a5e34b64a, type: 3}
      propertyPath: m_RootOrder
      value: 7
      objectReference: {fileID: 0}
    - target: {fileID: 4977330785033544, guid: 7d227c3a7fa9cf54a8d07c8a5e34b64a, type: 3}
      propertyPath: m_LocalEulerAnglesHint.x
      value: 0
      objectReference: {fileID: 0}
    - target: {fileID: 4977330785033544, guid: 7d227c3a7fa9cf54a8d07c8a5e34b64a, type: 3}
      propertyPath: m_LocalEulerAnglesHint.y
      value: 0
      objectReference: {fileID: 0}
    - target: {fileID: 4977330785033544, guid: 7d227c3a7fa9cf54a8d07c8a5e34b64a, type: 3}
      propertyPath: m_LocalEulerAnglesHint.z
      value: 0
      objectReference: {fileID: 0}
    - target: {fileID: 4977330785033544, guid: 7d227c3a7fa9cf54a8d07c8a5e34b64a, type: 3}
      propertyPath: m_LocalScale.x
      value: 0.05163555
      objectReference: {fileID: 0}
    - target: {fileID: 4977330785033544, guid: 7d227c3a7fa9cf54a8d07c8a5e34b64a, type: 3}
      propertyPath: m_LocalScale.y
      value: 5.278064
      objectReference: {fileID: 0}
    - target: {fileID: 4977330785033544, guid: 7d227c3a7fa9cf54a8d07c8a5e34b64a, type: 3}
      propertyPath: m_LocalScale.z
      value: 0.051304985
      objectReference: {fileID: 0}
    m_RemovedComponents: []
  m_SourcePrefab: {fileID: 100100000, guid: 7d227c3a7fa9cf54a8d07c8a5e34b64a, type: 3}
--- !u!4 &5356558562525500494 stripped
Transform:
  m_CorrespondingSourceObject: {fileID: 4977330785033544, guid: 7d227c3a7fa9cf54a8d07c8a5e34b64a,
    type: 3}
  m_PrefabInstance: {fileID: 5352527584837486854}
  m_PrefabAsset: {fileID: 0}
--- !u!1001 &5352527584949278806
PrefabInstance:
  m_ObjectHideFlags: 0
  serializedVersion: 2
  m_Modification:
    m_TransformParent: {fileID: 5352527584652202576}
    m_Modifications:
    - target: {fileID: 1958872332763838, guid: 47168710cae13564398951978cf51b02, type: 3}
      propertyPath: m_Name
      value: Rock big
      objectReference: {fileID: 0}
    - target: {fileID: 4380900357793344, guid: 47168710cae13564398951978cf51b02, type: 3}
      propertyPath: m_LocalPosition.x
      value: 0.23573607
      objectReference: {fileID: 0}
    - target: {fileID: 4380900357793344, guid: 47168710cae13564398951978cf51b02, type: 3}
      propertyPath: m_LocalPosition.y
      value: 0
      objectReference: {fileID: 0}
    - target: {fileID: 4380900357793344, guid: 47168710cae13564398951978cf51b02, type: 3}
      propertyPath: m_LocalPosition.z
      value: -0.105821
      objectReference: {fileID: 0}
    - target: {fileID: 4380900357793344, guid: 47168710cae13564398951978cf51b02, type: 3}
      propertyPath: m_LocalRotation.x
      value: -0
      objectReference: {fileID: 0}
    - target: {fileID: 4380900357793344, guid: 47168710cae13564398951978cf51b02, type: 3}
      propertyPath: m_LocalRotation.y
      value: -0
      objectReference: {fileID: 0}
    - target: {fileID: 4380900357793344, guid: 47168710cae13564398951978cf51b02, type: 3}
      propertyPath: m_LocalRotation.z
      value: -0
      objectReference: {fileID: 0}
    - target: {fileID: 4380900357793344, guid: 47168710cae13564398951978cf51b02, type: 3}
      propertyPath: m_LocalRotation.w
      value: 1
      objectReference: {fileID: 0}
    - target: {fileID: 4380900357793344, guid: 47168710cae13564398951978cf51b02, type: 3}
      propertyPath: m_RootOrder
      value: 8
      objectReference: {fileID: 0}
    - target: {fileID: 4380900357793344, guid: 47168710cae13564398951978cf51b02, type: 3}
      propertyPath: m_LocalEulerAnglesHint.x
      value: 0
      objectReference: {fileID: 0}
    - target: {fileID: 4380900357793344, guid: 47168710cae13564398951978cf51b02, type: 3}
      propertyPath: m_LocalEulerAnglesHint.y
      value: 0
      objectReference: {fileID: 0}
    - target: {fileID: 4380900357793344, guid: 47168710cae13564398951978cf51b02, type: 3}
      propertyPath: m_LocalEulerAnglesHint.z
      value: 0
      objectReference: {fileID: 0}
    - target: {fileID: 4380900357793344, guid: 47168710cae13564398951978cf51b02, type: 3}
      propertyPath: m_LocalScale.x
      value: 0.05563059
      objectReference: {fileID: 0}
    - target: {fileID: 4380900357793344, guid: 47168710cae13564398951978cf51b02, type: 3}
      propertyPath: m_LocalScale.y
      value: 5.6864276
      objectReference: {fileID: 0}
    - target: {fileID: 4380900357793344, guid: 47168710cae13564398951978cf51b02, type: 3}
      propertyPath: m_LocalScale.z
      value: 0.05527445
      objectReference: {fileID: 0}
    - target: {fileID: 4786626845773336, guid: 47168710cae13564398951978cf51b02, type: 3}
      propertyPath: m_LocalPosition.z
      value: -0.27
      objectReference: {fileID: 0}
    - target: {fileID: 4786626845773336, guid: 47168710cae13564398951978cf51b02, type: 3}
      propertyPath: m_LocalPosition.x
      value: 1.01
      objectReference: {fileID: 0}
    m_RemovedComponents: []
  m_SourcePrefab: {fileID: 100100000, guid: 47168710cae13564398951978cf51b02, type: 3}
--- !u!4 &5352650327994596886 stripped
Transform:
  m_CorrespondingSourceObject: {fileID: 4380900357793344, guid: 47168710cae13564398951978cf51b02,
    type: 3}
  m_PrefabInstance: {fileID: 5352527584949278806}
  m_PrefabAsset: {fileID: 0}
--- !u!1001 &5352527585013411458
PrefabInstance:
  m_ObjectHideFlags: 0
  serializedVersion: 2
  m_Modification:
    m_TransformParent: {fileID: 5352527584652202576}
    m_Modifications:
    - target: {fileID: 1056816346895226, guid: fce1307539b865c4d942dfa642eab7ec, type: 3}
      propertyPath: m_Name
      value: Birch small (3)
      objectReference: {fileID: 0}
    - target: {fileID: 4207401247082738, guid: fce1307539b865c4d942dfa642eab7ec, type: 3}
      propertyPath: m_LocalPosition.x
      value: -0.095542
      objectReference: {fileID: 0}
    - target: {fileID: 4207401247082738, guid: fce1307539b865c4d942dfa642eab7ec, type: 3}
      propertyPath: m_LocalPosition.y
      value: 0
      objectReference: {fileID: 0}
    - target: {fileID: 4207401247082738, guid: fce1307539b865c4d942dfa642eab7ec, type: 3}
      propertyPath: m_LocalPosition.z
      value: 0.174
      objectReference: {fileID: 0}
    - target: {fileID: 4207401247082738, guid: fce1307539b865c4d942dfa642eab7ec, type: 3}
      propertyPath: m_LocalScale.x
      value: 0.37172
      objectReference: {fileID: 0}
    - target: {fileID: 4207401247082738, guid: fce1307539b865c4d942dfa642eab7ec, type: 3}
      propertyPath: m_LocalScale.y
      value: 0.37172
      objectReference: {fileID: 0}
    - target: {fileID: 4207401247082738, guid: fce1307539b865c4d942dfa642eab7ec, type: 3}
      propertyPath: m_LocalScale.z
      value: 0.37172
      objectReference: {fileID: 0}
    - target: {fileID: 4487429639668130, guid: fce1307539b865c4d942dfa642eab7ec, type: 3}
      propertyPath: m_LocalPosition.x
      value: -0.24978656
      objectReference: {fileID: 0}
    - target: {fileID: 4487429639668130, guid: fce1307539b865c4d942dfa642eab7ec, type: 3}
      propertyPath: m_LocalPosition.y
      value: 0
      objectReference: {fileID: 0}
    - target: {fileID: 4487429639668130, guid: fce1307539b865c4d942dfa642eab7ec, type: 3}
      propertyPath: m_LocalPosition.z
      value: 0.057393335
      objectReference: {fileID: 0}
    - target: {fileID: 4487429639668130, guid: fce1307539b865c4d942dfa642eab7ec, type: 3}
      propertyPath: m_LocalRotation.x
      value: -0
      objectReference: {fileID: 0}
    - target: {fileID: 4487429639668130, guid: fce1307539b865c4d942dfa642eab7ec, type: 3}
      propertyPath: m_LocalRotation.y
      value: -0
      objectReference: {fileID: 0}
    - target: {fileID: 4487429639668130, guid: fce1307539b865c4d942dfa642eab7ec, type: 3}
      propertyPath: m_LocalRotation.z
      value: -0
      objectReference: {fileID: 0}
    - target: {fileID: 4487429639668130, guid: fce1307539b865c4d942dfa642eab7ec, type: 3}
      propertyPath: m_LocalRotation.w
      value: 1
      objectReference: {fileID: 0}
    - target: {fileID: 4487429639668130, guid: fce1307539b865c4d942dfa642eab7ec, type: 3}
      propertyPath: m_RootOrder
      value: 10
      objectReference: {fileID: 0}
    - target: {fileID: 4487429639668130, guid: fce1307539b865c4d942dfa642eab7ec, type: 3}
      propertyPath: m_LocalEulerAnglesHint.x
      value: 0
      objectReference: {fileID: 0}
    - target: {fileID: 4487429639668130, guid: fce1307539b865c4d942dfa642eab7ec, type: 3}
      propertyPath: m_LocalEulerAnglesHint.y
      value: 0
      objectReference: {fileID: 0}
    - target: {fileID: 4487429639668130, guid: fce1307539b865c4d942dfa642eab7ec, type: 3}
      propertyPath: m_LocalEulerAnglesHint.z
      value: 0
      objectReference: {fileID: 0}
    - target: {fileID: 4487429639668130, guid: fce1307539b865c4d942dfa642eab7ec, type: 3}
      propertyPath: m_LocalScale.x
      value: 0.068379074
      objectReference: {fileID: 0}
    - target: {fileID: 4487429639668130, guid: fce1307539b865c4d942dfa642eab7ec, type: 3}
      propertyPath: m_LocalScale.y
      value: 6.9895477
      objectReference: {fileID: 0}
    - target: {fileID: 4487429639668130, guid: fce1307539b865c4d942dfa642eab7ec, type: 3}
      propertyPath: m_LocalScale.z
      value: 0.06794132
      objectReference: {fileID: 0}
    m_RemovedComponents: []
  m_SourcePrefab: {fileID: 100100000, guid: fce1307539b865c4d942dfa642eab7ec, type: 3}
--- !u!4 &5352543764681633568 stripped
Transform:
  m_CorrespondingSourceObject: {fileID: 4487429639668130, guid: fce1307539b865c4d942dfa642eab7ec,
    type: 3}
  m_PrefabInstance: {fileID: 5352527585013411458}
  m_PrefabAsset: {fileID: 0}
--- !u!1001 &5352527585034199830
PrefabInstance:
  m_ObjectHideFlags: 0
  serializedVersion: 2
  m_Modification:
    m_TransformParent: {fileID: 5352527584652202576}
    m_Modifications:
    - target: {fileID: 1153027382682948, guid: 7d227c3a7fa9cf54a8d07c8a5e34b64a, type: 3}
      propertyPath: m_Name
      value: Oak (1)
      objectReference: {fileID: 0}
    - target: {fileID: 4649284415632754, guid: 7d227c3a7fa9cf54a8d07c8a5e34b64a, type: 3}
      propertyPath: m_LocalPosition.x
      value: 1.19
      objectReference: {fileID: 0}
    - target: {fileID: 4977330785033544, guid: 7d227c3a7fa9cf54a8d07c8a5e34b64a, type: 3}
      propertyPath: m_LocalPosition.x
      value: -0.39945555
      objectReference: {fileID: 0}
    - target: {fileID: 4977330785033544, guid: 7d227c3a7fa9cf54a8d07c8a5e34b64a, type: 3}
      propertyPath: m_LocalPosition.y
      value: 0
      objectReference: {fileID: 0}
    - target: {fileID: 4977330785033544, guid: 7d227c3a7fa9cf54a8d07c8a5e34b64a, type: 3}
      propertyPath: m_LocalPosition.z
      value: 0.3694891
      objectReference: {fileID: 0}
    - target: {fileID: 4977330785033544, guid: 7d227c3a7fa9cf54a8d07c8a5e34b64a, type: 3}
      propertyPath: m_LocalRotation.x
      value: -0
      objectReference: {fileID: 0}
    - target: {fileID: 4977330785033544, guid: 7d227c3a7fa9cf54a8d07c8a5e34b64a, type: 3}
      propertyPath: m_LocalRotation.y
      value: -0
      objectReference: {fileID: 0}
    - target: {fileID: 4977330785033544, guid: 7d227c3a7fa9cf54a8d07c8a5e34b64a, type: 3}
      propertyPath: m_LocalRotation.z
      value: -0
      objectReference: {fileID: 0}
    - target: {fileID: 4977330785033544, guid: 7d227c3a7fa9cf54a8d07c8a5e34b64a, type: 3}
      propertyPath: m_LocalRotation.w
      value: 1
      objectReference: {fileID: 0}
    - target: {fileID: 4977330785033544, guid: 7d227c3a7fa9cf54a8d07c8a5e34b64a, type: 3}
      propertyPath: m_RootOrder
      value: 4
      objectReference: {fileID: 0}
    - target: {fileID: 4977330785033544, guid: 7d227c3a7fa9cf54a8d07c8a5e34b64a, type: 3}
      propertyPath: m_LocalEulerAnglesHint.x
      value: 0
      objectReference: {fileID: 0}
    - target: {fileID: 4977330785033544, guid: 7d227c3a7fa9cf54a8d07c8a5e34b64a, type: 3}
      propertyPath: m_LocalEulerAnglesHint.y
      value: 0
      objectReference: {fileID: 0}
    - target: {fileID: 4977330785033544, guid: 7d227c3a7fa9cf54a8d07c8a5e34b64a, type: 3}
      propertyPath: m_LocalEulerAnglesHint.z
      value: 0
      objectReference: {fileID: 0}
    - target: {fileID: 4977330785033544, guid: 7d227c3a7fa9cf54a8d07c8a5e34b64a, type: 3}
      propertyPath: m_LocalScale.x
      value: 0.058811646
      objectReference: {fileID: 0}
    - target: {fileID: 4977330785033544, guid: 7d227c3a7fa9cf54a8d07c8a5e34b64a, type: 3}
      propertyPath: m_LocalScale.y
      value: 6.011587
      objectReference: {fileID: 0}
    - target: {fileID: 4977330785033544, guid: 7d227c3a7fa9cf54a8d07c8a5e34b64a, type: 3}
      propertyPath: m_LocalScale.z
      value: 0.058435142
      objectReference: {fileID: 0}
    m_RemovedComponents: []
  m_SourcePrefab: {fileID: 100100000, guid: 7d227c3a7fa9cf54a8d07c8a5e34b64a, type: 3}
--- !u!4 &5356558562714615390 stripped
Transform:
  m_CorrespondingSourceObject: {fileID: 4977330785033544, guid: 7d227c3a7fa9cf54a8d07c8a5e34b64a,
    type: 3}
  m_PrefabInstance: {fileID: 5352527585034199830}
  m_PrefabAsset: {fileID: 0}
--- !u!1001 &5352527585097436430
PrefabInstance:
  m_ObjectHideFlags: 0
  serializedVersion: 2
  m_Modification:
    m_TransformParent: {fileID: 5352527584652202576}
    m_Modifications:
    - target: {fileID: 1054857813390848, guid: f6a7de34eda02fa4c8c69ce438f649a5, type: 3}
      propertyPath: m_Name
      value: Rock flat
      objectReference: {fileID: 0}
    - target: {fileID: 4090085276017292, guid: f6a7de34eda02fa4c8c69ce438f649a5, type: 3}
      propertyPath: m_LocalPosition.x
      value: -5.62
      objectReference: {fileID: 0}
    - target: {fileID: 4090085276017292, guid: f6a7de34eda02fa4c8c69ce438f649a5, type: 3}
      propertyPath: m_LocalPosition.z
      value: 1.01
      objectReference: {fileID: 0}
    - target: {fileID: 4293500543587454, guid: f6a7de34eda02fa4c8c69ce438f649a5, type: 3}
      propertyPath: m_LocalPosition.x
      value: 0.120100535
      objectReference: {fileID: 0}
    - target: {fileID: 4293500543587454, guid: f6a7de34eda02fa4c8c69ce438f649a5, type: 3}
      propertyPath: m_LocalPosition.y
      value: 0
      objectReference: {fileID: 0}
    - target: {fileID: 4293500543587454, guid: f6a7de34eda02fa4c8c69ce438f649a5, type: 3}
      propertyPath: m_LocalPosition.z
      value: 0.32000667
      objectReference: {fileID: 0}
    - target: {fileID: 4293500543587454, guid: f6a7de34eda02fa4c8c69ce438f649a5, type: 3}
      propertyPath: m_LocalRotation.x
      value: -0
      objectReference: {fileID: 0}
    - target: {fileID: 4293500543587454, guid: f6a7de34eda02fa4c8c69ce438f649a5, type: 3}
      propertyPath: m_LocalRotation.y
      value: -0
      objectReference: {fileID: 0}
    - target: {fileID: 4293500543587454, guid: f6a7de34eda02fa4c8c69ce438f649a5, type: 3}
      propertyPath: m_LocalRotation.z
      value: -0
      objectReference: {fileID: 0}
    - target: {fileID: 4293500543587454, guid: f6a7de34eda02fa4c8c69ce438f649a5, type: 3}
      propertyPath: m_LocalRotation.w
      value: 1
      objectReference: {fileID: 0}
    - target: {fileID: 4293500543587454, guid: f6a7de34eda02fa4c8c69ce438f649a5, type: 3}
      propertyPath: m_RootOrder
      value: 0
      objectReference: {fileID: 0}
    - target: {fileID: 4293500543587454, guid: f6a7de34eda02fa4c8c69ce438f649a5, type: 3}
      propertyPath: m_LocalEulerAnglesHint.x
      value: 0
      objectReference: {fileID: 0}
    - target: {fileID: 4293500543587454, guid: f6a7de34eda02fa4c8c69ce438f649a5, type: 3}
      propertyPath: m_LocalEulerAnglesHint.y
      value: 0
      objectReference: {fileID: 0}
    - target: {fileID: 4293500543587454, guid: f6a7de34eda02fa4c8c69ce438f649a5, type: 3}
      propertyPath: m_LocalEulerAnglesHint.z
      value: 0
      objectReference: {fileID: 0}
    - target: {fileID: 4293500543587454, guid: f6a7de34eda02fa4c8c69ce438f649a5, type: 3}
      propertyPath: m_LocalScale.x
      value: 0.056134846
      objectReference: {fileID: 0}
    - target: {fileID: 4293500543587454, guid: f6a7de34eda02fa4c8c69ce438f649a5, type: 3}
      propertyPath: m_LocalScale.y
      value: 5.7379713
      objectReference: {fileID: 0}
    - target: {fileID: 4293500543587454, guid: f6a7de34eda02fa4c8c69ce438f649a5, type: 3}
      propertyPath: m_LocalScale.z
      value: 0.05577548
      objectReference: {fileID: 0}
    m_RemovedComponents: []
  m_SourcePrefab: {fileID: 100100000, guid: f6a7de34eda02fa4c8c69ce438f649a5, type: 3}
--- !u!4 &5352738785254185328 stripped
Transform:
  m_CorrespondingSourceObject: {fileID: 4293500543587454, guid: f6a7de34eda02fa4c8c69ce438f649a5,
    type: 3}
  m_PrefabInstance: {fileID: 5352527585097436430}
  m_PrefabAsset: {fileID: 0}
--- !u!1001 &5352527585287446529
PrefabInstance:
  m_ObjectHideFlags: 0
  serializedVersion: 2
  m_Modification:
    m_TransformParent: {fileID: 5352527584652202576}
    m_Modifications:
    - target: {fileID: 1644410597926446, guid: 9ba64372b9e08374193a9865323748cd, type: 3}
      propertyPath: m_Name
      value: Pine
      objectReference: {fileID: 0}
    - target: {fileID: 4742397345888134, guid: 9ba64372b9e08374193a9865323748cd, type: 3}
      propertyPath: m_LocalPosition.x
      value: 0.30238223
      objectReference: {fileID: 0}
    - target: {fileID: 4742397345888134, guid: 9ba64372b9e08374193a9865323748cd, type: 3}
      propertyPath: m_LocalPosition.y
      value: 0
      objectReference: {fileID: 0}
    - target: {fileID: 4742397345888134, guid: 9ba64372b9e08374193a9865323748cd, type: 3}
      propertyPath: m_LocalPosition.z
      value: 0.3179902
      objectReference: {fileID: 0}
    - target: {fileID: 4742397345888134, guid: 9ba64372b9e08374193a9865323748cd, type: 3}
      propertyPath: m_LocalRotation.x
      value: -0
      objectReference: {fileID: 0}
    - target: {fileID: 4742397345888134, guid: 9ba64372b9e08374193a9865323748cd, type: 3}
      propertyPath: m_LocalRotation.y
      value: -0
      objectReference: {fileID: 0}
    - target: {fileID: 4742397345888134, guid: 9ba64372b9e08374193a9865323748cd, type: 3}
      propertyPath: m_LocalRotation.z
      value: -0
      objectReference: {fileID: 0}
    - target: {fileID: 4742397345888134, guid: 9ba64372b9e08374193a9865323748cd, type: 3}
      propertyPath: m_LocalRotation.w
      value: 1
      objectReference: {fileID: 0}
    - target: {fileID: 4742397345888134, guid: 9ba64372b9e08374193a9865323748cd, type: 3}
      propertyPath: m_RootOrder
      value: 5
      objectReference: {fileID: 0}
    - target: {fileID: 4742397345888134, guid: 9ba64372b9e08374193a9865323748cd, type: 3}
      propertyPath: m_LocalEulerAnglesHint.x
      value: 0
      objectReference: {fileID: 0}
    - target: {fileID: 4742397345888134, guid: 9ba64372b9e08374193a9865323748cd, type: 3}
      propertyPath: m_LocalEulerAnglesHint.y
      value: 0
      objectReference: {fileID: 0}
    - target: {fileID: 4742397345888134, guid: 9ba64372b9e08374193a9865323748cd, type: 3}
      propertyPath: m_LocalEulerAnglesHint.z
      value: 0
      objectReference: {fileID: 0}
    - target: {fileID: 4742397345888134, guid: 9ba64372b9e08374193a9865323748cd, type: 3}
      propertyPath: m_LocalScale.z
      value: 0.028375583
      objectReference: {fileID: 0}
    - target: {fileID: 4742397345888134, guid: 9ba64372b9e08374193a9865323748cd, type: 3}
      propertyPath: m_LocalScale.x
      value: 0.028558409
      objectReference: {fileID: 0}
    - target: {fileID: 4742397345888134, guid: 9ba64372b9e08374193a9865323748cd, type: 3}
      propertyPath: m_LocalScale.y
      value: 2.9191732
      objectReference: {fileID: 0}
    - target: {fileID: 4940006704183068, guid: 9ba64372b9e08374193a9865323748cd, type: 3}
      propertyPath: m_LocalPosition.z
      value: 1.83
      objectReference: {fileID: 0}
    m_RemovedComponents: []
  m_SourcePrefab: {fileID: 100100000, guid: 9ba64372b9e08374193a9865323748cd, type: 3}
--- !u!4 &5356792431358957447 stripped
Transform:
  m_CorrespondingSourceObject: {fileID: 4742397345888134, guid: 9ba64372b9e08374193a9865323748cd,
    type: 3}
  m_PrefabInstance: {fileID: 5352527585287446529}
  m_PrefabAsset: {fileID: 0}
--- !u!1001 &5352527585347415227
PrefabInstance:
  m_ObjectHideFlags: 0
  serializedVersion: 2
  m_Modification:
    m_TransformParent: {fileID: 5352527584652202576}
    m_Modifications:
    - target: {fileID: 1056816346895226, guid: fce1307539b865c4d942dfa642eab7ec, type: 3}
      propertyPath: m_Name
      value: Birch small
      objectReference: {fileID: 0}
    - target: {fileID: 4487429639668130, guid: fce1307539b865c4d942dfa642eab7ec, type: 3}
      propertyPath: m_LocalPosition.x
      value: -0.33721188
      objectReference: {fileID: 0}
    - target: {fileID: 4487429639668130, guid: fce1307539b865c4d942dfa642eab7ec, type: 3}
      propertyPath: m_LocalPosition.y
      value: 0
      objectReference: {fileID: 0}
    - target: {fileID: 4487429639668130, guid: fce1307539b865c4d942dfa642eab7ec, type: 3}
      propertyPath: m_LocalPosition.z
      value: -0.24508512
      objectReference: {fileID: 0}
    - target: {fileID: 4487429639668130, guid: fce1307539b865c4d942dfa642eab7ec, type: 3}
      propertyPath: m_LocalRotation.x
      value: -0
      objectReference: {fileID: 0}
    - target: {fileID: 4487429639668130, guid: fce1307539b865c4d942dfa642eab7ec, type: 3}
      propertyPath: m_LocalRotation.y
      value: -0
      objectReference: {fileID: 0}
    - target: {fileID: 4487429639668130, guid: fce1307539b865c4d942dfa642eab7ec, type: 3}
      propertyPath: m_LocalRotation.z
      value: -0
      objectReference: {fileID: 0}
    - target: {fileID: 4487429639668130, guid: fce1307539b865c4d942dfa642eab7ec, type: 3}
      propertyPath: m_LocalRotation.w
      value: 1
      objectReference: {fileID: 0}
    - target: {fileID: 4487429639668130, guid: fce1307539b865c4d942dfa642eab7ec, type: 3}
      propertyPath: m_RootOrder
      value: 9
      objectReference: {fileID: 0}
    - target: {fileID: 4487429639668130, guid: fce1307539b865c4d942dfa642eab7ec, type: 3}
      propertyPath: m_LocalEulerAnglesHint.x
      value: 0
      objectReference: {fileID: 0}
    - target: {fileID: 4487429639668130, guid: fce1307539b865c4d942dfa642eab7ec, type: 3}
      propertyPath: m_LocalEulerAnglesHint.y
      value: 0
      objectReference: {fileID: 0}
    - target: {fileID: 4487429639668130, guid: fce1307539b865c4d942dfa642eab7ec, type: 3}
      propertyPath: m_LocalEulerAnglesHint.z
      value: 0
      objectReference: {fileID: 0}
    - target: {fileID: 4487429639668130, guid: fce1307539b865c4d942dfa642eab7ec, type: 3}
      propertyPath: m_LocalScale.x
      value: 0.044148214
      objectReference: {fileID: 0}
    - target: {fileID: 4487429639668130, guid: fce1307539b865c4d942dfa642eab7ec, type: 3}
      propertyPath: m_LocalScale.y
      value: 4.5127263
      objectReference: {fileID: 0}
    - target: {fileID: 4487429639668130, guid: fce1307539b865c4d942dfa642eab7ec, type: 3}
      propertyPath: m_LocalScale.z
      value: 0.043865584
      objectReference: {fileID: 0}
    m_RemovedComponents: []
  m_SourcePrefab: {fileID: 100100000, guid: fce1307539b865c4d942dfa642eab7ec, type: 3}
--- !u!4 &5352543765019766041 stripped
Transform:
  m_CorrespondingSourceObject: {fileID: 4487429639668130, guid: fce1307539b865c4d942dfa642eab7ec,
    type: 3}
  m_PrefabInstance: {fileID: 5352527585347415227}
  m_PrefabAsset: {fileID: 0}
--- !u!1001 &5352527585388668239
PrefabInstance:
  m_ObjectHideFlags: 0
  serializedVersion: 2
  m_Modification:
    m_TransformParent: {fileID: 5352527584652202576}
    m_Modifications:
    - target: {fileID: 1724346347279634, guid: 863150854ac5540408a55fc45f32e317, type: 3}
      propertyPath: m_Name
      value: Rock slide
      objectReference: {fileID: 0}
    - target: {fileID: 4191614070643878, guid: 863150854ac5540408a55fc45f32e317, type: 3}
      propertyPath: m_LocalPosition.z
      value: -3.77
      objectReference: {fileID: 0}
    - target: {fileID: 4191614070643878, guid: 863150854ac5540408a55fc45f32e317, type: 3}
      propertyPath: m_LocalPosition.x
      value: -11.25
      objectReference: {fileID: 0}
    - target: {fileID: 4740953323717002, guid: 863150854ac5540408a55fc45f32e317, type: 3}
      propertyPath: m_LocalPosition.x
      value: 0.27804345
      objectReference: {fileID: 0}
    - target: {fileID: 4740953323717002, guid: 863150854ac5540408a55fc45f32e317, type: 3}
      propertyPath: m_LocalPosition.y
      value: 0
      objectReference: {fileID: 0}
    - target: {fileID: 4740953323717002, guid: 863150854ac5540408a55fc45f32e317, type: 3}
      propertyPath: m_LocalPosition.z
      value: 0.24458185
      objectReference: {fileID: 0}
    - target: {fileID: 4740953323717002, guid: 863150854ac5540408a55fc45f32e317, type: 3}
      propertyPath: m_LocalRotation.x
      value: -0
      objectReference: {fileID: 0}
    - target: {fileID: 4740953323717002, guid: 863150854ac5540408a55fc45f32e317, type: 3}
      propertyPath: m_LocalRotation.y
      value: -0
      objectReference: {fileID: 0}
    - target: {fileID: 4740953323717002, guid: 863150854ac5540408a55fc45f32e317, type: 3}
      propertyPath: m_LocalRotation.z
      value: -0
      objectReference: {fileID: 0}
    - target: {fileID: 4740953323717002, guid: 863150854ac5540408a55fc45f32e317, type: 3}
      propertyPath: m_LocalRotation.w
      value: 1
      objectReference: {fileID: 0}
    - target: {fileID: 4740953323717002, guid: 863150854ac5540408a55fc45f32e317, type: 3}
      propertyPath: m_RootOrder
      value: 6
      objectReference: {fileID: 0}
    - target: {fileID: 4740953323717002, guid: 863150854ac5540408a55fc45f32e317, type: 3}
      propertyPath: m_LocalEulerAnglesHint.x
      value: 0
      objectReference: {fileID: 0}
    - target: {fileID: 4740953323717002, guid: 863150854ac5540408a55fc45f32e317, type: 3}
      propertyPath: m_LocalEulerAnglesHint.y
      value: 0
      objectReference: {fileID: 0}
    - target: {fileID: 4740953323717002, guid: 863150854ac5540408a55fc45f32e317, type: 3}
      propertyPath: m_LocalEulerAnglesHint.z
      value: 0
      objectReference: {fileID: 0}
    - target: {fileID: 4740953323717002, guid: 863150854ac5540408a55fc45f32e317, type: 3}
      propertyPath: m_LocalScale.x
      value: 0.03754448
      objectReference: {fileID: 0}
    - target: {fileID: 4740953323717002, guid: 863150854ac5540408a55fc45f32e317, type: 3}
      propertyPath: m_LocalScale.y
      value: 3.8377082
      objectReference: {fileID: 0}
    - target: {fileID: 4740953323717002, guid: 863150854ac5540408a55fc45f32e317, type: 3}
      propertyPath: m_LocalScale.z
      value: 0.03730413
      objectReference: {fileID: 0}
    m_RemovedComponents: []
  m_SourcePrefab: {fileID: 100100000, guid: 863150854ac5540408a55fc45f32e317, type: 3}
--- !u!4 &5356794974527808709 stripped
Transform:
  m_CorrespondingSourceObject: {fileID: 4740953323717002, guid: 863150854ac5540408a55fc45f32e317,
    type: 3}
  m_PrefabInstance: {fileID: 5352527585388668239}
  m_PrefabAsset: {fileID: 0}
--- !u!1001 &5352527585812705142
PrefabInstance:
  m_ObjectHideFlags: 0
  serializedVersion: 2
  m_Modification:
    m_TransformParent: {fileID: 5352527584652202576}
    m_Modifications:
    - target: {fileID: 1056816346895226, guid: fce1307539b865c4d942dfa642eab7ec, type: 3}
      propertyPath: m_Name
      value: Birch small (2)
      objectReference: {fileID: 0}
    - target: {fileID: 4207401247082738, guid: fce1307539b865c4d942dfa642eab7ec, type: 3}
      propertyPath: m_LocalPosition.x
      value: -0.095542
      objectReference: {fileID: 0}
    - target: {fileID: 4207401247082738, guid: fce1307539b865c4d942dfa642eab7ec, type: 3}
      propertyPath: m_LocalPosition.y
      value: 0
      objectReference: {fileID: 0}
    - target: {fileID: 4207401247082738, guid: fce1307539b865c4d942dfa642eab7ec, type: 3}
      propertyPath: m_LocalPosition.z
      value: 0.174
      objectReference: {fileID: 0}
    - target: {fileID: 4207401247082738, guid: fce1307539b865c4d942dfa642eab7ec, type: 3}
      propertyPath: m_LocalScale.x
      value: 0.37172
      objectReference: {fileID: 0}
    - target: {fileID: 4207401247082738, guid: fce1307539b865c4d942dfa642eab7ec, type: 3}
      propertyPath: m_LocalScale.y
      value: 0.37172
      objectReference: {fileID: 0}
    - target: {fileID: 4207401247082738, guid: fce1307539b865c4d942dfa642eab7ec, type: 3}
      propertyPath: m_LocalScale.z
      value: 0.37172
      objectReference: {fileID: 0}
    - target: {fileID: 4487429639668130, guid: fce1307539b865c4d942dfa642eab7ec, type: 3}
      propertyPath: m_LocalPosition.x
      value: -0.02842594
      objectReference: {fileID: 0}
    - target: {fileID: 4487429639668130, guid: fce1307539b865c4d942dfa642eab7ec, type: 3}
      propertyPath: m_LocalPosition.y
      value: 0
      objectReference: {fileID: 0}
    - target: {fileID: 4487429639668130, guid: fce1307539b865c4d942dfa642eab7ec, type: 3}
      propertyPath: m_LocalPosition.z
      value: 0.38978142
      objectReference: {fileID: 0}
    - target: {fileID: 4487429639668130, guid: fce1307539b865c4d942dfa642eab7ec, type: 3}
      propertyPath: m_LocalRotation.x
      value: -0
      objectReference: {fileID: 0}
    - target: {fileID: 4487429639668130, guid: fce1307539b865c4d942dfa642eab7ec, type: 3}
      propertyPath: m_LocalRotation.y
      value: -0
      objectReference: {fileID: 0}
    - target: {fileID: 4487429639668130, guid: fce1307539b865c4d942dfa642eab7ec, type: 3}
      propertyPath: m_LocalRotation.z
      value: -0
      objectReference: {fileID: 0}
    - target: {fileID: 4487429639668130, guid: fce1307539b865c4d942dfa642eab7ec, type: 3}
      propertyPath: m_LocalRotation.w
      value: 1
      objectReference: {fileID: 0}
    - target: {fileID: 4487429639668130, guid: fce1307539b865c4d942dfa642eab7ec, type: 3}
      propertyPath: m_RootOrder
      value: 1
      objectReference: {fileID: 0}
    - target: {fileID: 4487429639668130, guid: fce1307539b865c4d942dfa642eab7ec, type: 3}
      propertyPath: m_LocalEulerAnglesHint.x
      value: 0
      objectReference: {fileID: 0}
    - target: {fileID: 4487429639668130, guid: fce1307539b865c4d942dfa642eab7ec, type: 3}
      propertyPath: m_LocalEulerAnglesHint.y
      value: 0
      objectReference: {fileID: 0}
    - target: {fileID: 4487429639668130, guid: fce1307539b865c4d942dfa642eab7ec, type: 3}
      propertyPath: m_LocalEulerAnglesHint.z
      value: 0
      objectReference: {fileID: 0}
    - target: {fileID: 4487429639668130, guid: fce1307539b865c4d942dfa642eab7ec, type: 3}
      propertyPath: m_LocalScale.x
      value: 0.1561166
      objectReference: {fileID: 0}
    - target: {fileID: 4487429639668130, guid: fce1307539b865c4d942dfa642eab7ec, type: 3}
      propertyPath: m_LocalScale.y
      value: 15.9578705
      objectReference: {fileID: 0}
    - target: {fileID: 4487429639668130, guid: fce1307539b865c4d942dfa642eab7ec, type: 3}
      propertyPath: m_LocalScale.z
      value: 0.15511717
      objectReference: {fileID: 0}
    m_RemovedComponents: []
  m_SourcePrefab: {fileID: 100100000, guid: fce1307539b865c4d942dfa642eab7ec, type: 3}
--- !u!4 &5352543764428156628 stripped
Transform:
  m_CorrespondingSourceObject: {fileID: 4487429639668130, guid: fce1307539b865c4d942dfa642eab7ec,
    type: 3}
  m_PrefabInstance: {fileID: 5352527585812705142}
  m_PrefabAsset: {fileID: 0}
