%YAML 1.1
%TAG !u! tag:unity3d.com,2011:
--- !u!1 &7657263567260754736
GameObject:
  m_ObjectHideFlags: 0
  m_CorrespondingSourceObject: {fileID: 0}
  m_PrefabInstance: {fileID: 0}
  m_PrefabAsset: {fileID: 0}
  serializedVersion: 6
  m_Component:
  - component: {fileID: 7657263567260754739}
  - component: {fileID: 7657263567260754740}
  - component: {fileID: 7657263567260754741}
  - component: {fileID: 7657263567260754738}
  m_Layer: 0
  m_Name: Sun
  m_TagString: Untagged
  m_Icon: {fileID: 0}
  m_NavMeshLayer: 0
  m_StaticEditorFlags: 0
  m_IsActive: 1
--- !u!4 &7657263567260754739
Transform:
  m_ObjectHideFlags: 0
  m_CorrespondingSourceObject: {fileID: 0}
  m_PrefabInstance: {fileID: 0}
  m_PrefabAsset: {fileID: 0}
  m_GameObject: {fileID: 7657263567260754736}
  m_LocalRotation: {x: 0, y: 0, z: 0, w: 1}
  m_LocalPosition: {x: 0, y: 0.39, z: 0}
  m_LocalScale: {x: 0.59146863, y: 0.59146863, z: 0.0005192956}
  m_Children:
  - {fileID: 7657263566690501527}
  m_Father: {fileID: 0}
  m_RootOrder: 0
  m_LocalEulerAnglesHint: {x: 0, y: 0, z: 0}
--- !u!33 &7657263567260754740
MeshFilter:
  m_ObjectHideFlags: 0
  m_CorrespondingSourceObject: {fileID: 0}
  m_PrefabInstance: {fileID: 0}
  m_PrefabAsset: {fileID: 0}
  m_GameObject: {fileID: 7657263567260754736}
  m_Mesh: {fileID: 10207, guid: 0000000000000000e000000000000000, type: 0}
--- !u!23 &7657263567260754741
MeshRenderer:
  m_ObjectHideFlags: 0
  m_CorrespondingSourceObject: {fileID: 0}
  m_PrefabInstance: {fileID: 0}
  m_PrefabAsset: {fileID: 0}
  m_GameObject: {fileID: 7657263567260754736}
  m_Enabled: 1
  m_CastShadows: 1
  m_ReceiveShadows: 1
  m_DynamicOccludee: 1
  m_MotionVectors: 1
  m_LightProbeUsage: 1
  m_ReflectionProbeUsage: 1
  m_RenderingLayerMask: 1
  m_RendererPriority: 0
  m_Materials:
  - {fileID: 2100000, guid: 5fb6f7175f1925749a03cb234b3b3b9d, type: 2}
  m_StaticBatchInfo:
    firstSubMesh: 0
    subMeshCount: 0
  m_StaticBatchRoot: {fileID: 0}
  m_ProbeAnchor: {fileID: 0}
  m_LightProbeVolumeOverride: {fileID: 0}
  m_ScaleInLightmap: 1
  m_PreserveUVs: 0
  m_IgnoreNormalsForChartDetection: 0
  m_ImportantGI: 0
  m_StitchLightmapSeams: 0
  m_SelectedEditorRenderState: 3
  m_MinimumChartSize: 4
  m_AutoUVMaxDistance: 0.5
  m_AutoUVMaxAngle: 89
  m_LightmapParameters: {fileID: 0}
  m_SortingLayerID: 0
  m_SortingLayer: 0
  m_SortingOrder: 0
--- !u!135 &7657263567260754738
SphereCollider:
  m_ObjectHideFlags: 0
  m_CorrespondingSourceObject: {fileID: 0}
  m_PrefabInstance: {fileID: 0}
  m_PrefabAsset: {fileID: 0}
  m_GameObject: {fileID: 7657263567260754736}
  m_Material: {fileID: 0}
  m_IsTrigger: 0
  m_Enabled: 1
  serializedVersion: 2
  m_Radius: 0.5
  m_Center: {x: 0, y: 0, z: 0}
--- !u!1001 &7657263566690900247
PrefabInstance:
  m_ObjectHideFlags: 0
  serializedVersion: 2
  m_Modification:
    m_TransformParent: {fileID: 7657263567260754739}
    m_Modifications:
    - target: {fileID: 100000, guid: ed1c797ec3736704db03a0d64d010e33, type: 3}
      propertyPath: m_Name
      value: DustStormMobile
      objectReference: {fileID: 0}
    - target: {fileID: 100000, guid: ed1c797ec3736704db03a0d64d010e33, type: 3}
      propertyPath: m_IsActive
      value: 1
      objectReference: {fileID: 0}
    - target: {fileID: 400000, guid: ed1c797ec3736704db03a0d64d010e33, type: 3}
      propertyPath: m_LocalPosition.x
      value: 0
      objectReference: {fileID: 0}
    - target: {fileID: 400000, guid: ed1c797ec3736704db03a0d64d010e33, type: 3}
      propertyPath: m_LocalPosition.y
      value: 0
      objectReference: {fileID: 0}
    - target: {fileID: 400000, guid: ed1c797ec3736704db03a0d64d010e33, type: 3}
      propertyPath: m_LocalPosition.z
      value: 0
      objectReference: {fileID: 0}
    - target: {fileID: 400000, guid: ed1c797ec3736704db03a0d64d010e33, type: 3}
      propertyPath: m_LocalRotation.x
      value: 0
      objectReference: {fileID: 0}
    - target: {fileID: 400000, guid: ed1c797ec3736704db03a0d64d010e33, type: 3}
      propertyPath: m_LocalRotation.y
      value: 0
      objectReference: {fileID: 0}
    - target: {fileID: 400000, guid: ed1c797ec3736704db03a0d64d010e33, type: 3}
      propertyPath: m_LocalRotation.z
      value: 0
      objectReference: {fileID: 0}
    - target: {fileID: 400000, guid: ed1c797ec3736704db03a0d64d010e33, type: 3}
      propertyPath: m_LocalRotation.w
      value: 1
      objectReference: {fileID: 0}
    - target: {fileID: 400000, guid: ed1c797ec3736704db03a0d64d010e33, type: 3}
      propertyPath: m_RootOrder
      value: 0
      objectReference: {fileID: 0}
    - target: {fileID: 400000, guid: ed1c797ec3736704db03a0d64d010e33, type: 3}
      propertyPath: m_LocalEulerAnglesHint.x
      value: 0
      objectReference: {fileID: 0}
    - target: {fileID: 400000, guid: ed1c797ec3736704db03a0d64d010e33, type: 3}
      propertyPath: m_LocalEulerAnglesHint.y
      value: 0
      objectReference: {fileID: 0}
    - target: {fileID: 400000, guid: ed1c797ec3736704db03a0d64d010e33, type: 3}
      propertyPath: m_LocalEulerAnglesHint.z
      value: 0
      objectReference: {fileID: 0}
    - target: {fileID: 400000, guid: ed1c797ec3736704db03a0d64d010e33, type: 3}
      propertyPath: m_LocalScale.x
      value: 0.0004996691
      objectReference: {fileID: 0}
    - target: {fileID: 400000, guid: ed1c797ec3736704db03a0d64d010e33, type: 3}
      propertyPath: m_LocalScale.y
      value: 1.4693
      objectReference: {fileID: 0}
    - target: {fileID: 400000, guid: ed1c797ec3736704db03a0d64d010e33, type: 3}
      propertyPath: m_LocalScale.z
      value: 0.58495
      objectReference: {fileID: 0}
    - target: {fileID: 19800000, guid: ed1c797ec3736704db03a0d64d010e33, type: 3}
      propertyPath: InitialModule.startColor.minColor.r
      value: 0.5377358
      objectReference: {fileID: 0}
    - target: {fileID: 19800000, guid: ed1c797ec3736704db03a0d64d010e33, type: 3}
      propertyPath: InitialModule.startColor.minColor.g
      value: 0.5377358
      objectReference: {fileID: 0}
    - target: {fileID: 19800000, guid: ed1c797ec3736704db03a0d64d010e33, type: 3}
      propertyPath: InitialModule.startColor.minColor.b
      value: 0.5377358
      objectReference: {fileID: 0}
    - target: {fileID: 19800000, guid: ed1c797ec3736704db03a0d64d010e33, type: 3}
      propertyPath: ShapeModule.type
      value: 0
      objectReference: {fileID: 0}
    - target: {fileID: 19800000, guid: ed1c797ec3736704db03a0d64d010e33, type: 3}
      propertyPath: InitialModule.startColor.maxColor.r
      value: 0.99215686
      objectReference: {fileID: 0}
    - target: {fileID: 19800000, guid: ed1c797ec3736704db03a0d64d010e33, type: 3}
      propertyPath: InitialModule.startColor.maxColor.g
      value: 0.72156864
      objectReference: {fileID: 0}
    - target: {fileID: 19800000, guid: ed1c797ec3736704db03a0d64d010e33, type: 3}
      propertyPath: InitialModule.startColor.maxColor.b
      value: 0.07450981
      objectReference: {fileID: 0}
    - target: {fileID: 19800000, guid: ed1c797ec3736704db03a0d64d010e33, type: 3}
      propertyPath: scalingMode
      value: 2
      objectReference: {fileID: 0}
    - target: {fileID: 19800000, guid: ed1c797ec3736704db03a0d64d010e33, type: 3}
      propertyPath: ShapeModule.radiusThickness
      value: 1
      objectReference: {fileID: 0}
    m_RemovedComponents: []
  m_SourcePrefab: {fileID: 100100000, guid: ed1c797ec3736704db03a0d64d010e33, type: 3}
--- !u!4 &7657263566690501527 stripped
Transform:
  m_CorrespondingSourceObject: {fileID: 400000, guid: ed1c797ec3736704db03a0d64d010e33,
    type: 3}
  m_PrefabInstance: {fileID: 7657263566690900247}
  m_PrefabAsset: {fileID: 0}
